<?xml version="1.0" encoding="UTF-8"?>
<marc:record xmlns:marc="http://www.loc.gov/MARC21/slim" xmlns:xsi="http://www.w3.org/2001/XMLSchema-instance" xsi:schemaLocation="http://www.loc.gov/standards/marcxml/schema/MARC21slim.xsd">
  <marc:leader>00000ndm a2200000 u 4500</marc:leader>
  <marc:controlfield tag="001">1001034975</marc:controlfield>
  <marc:controlfield tag="003">DE-633</marc:controlfield>
  <marc:controlfield tag="005">20201029223653.0</marc:controlfield>
  <marc:datafield tag="031" ind1=" " ind2=" ">
    <marc:subfield code="a">1</marc:subfield>
    <marc:subfield code="b">1</marc:subfield>
    <marc:subfield code="c">1</marc:subfield>
    <marc:subfield code="d">All[egr]o assai</marc:subfield>
    <marc:subfield code="g">G-2</marc:subfield>
    <marc:subfield code="m">vl 1</marc:subfield>
    <marc:subfield code="o">c/</marc:subfield>
    <marc:subfield code="p">1'C/2EG/6{''CDED}8{CC}{CCCC}/4A^CG^C2-/1'C/2EG/</marc:subfield>
    <marc:subfield code="r">C</marc:subfield>
    <marc:subfield code="2">pe</marc:subfield>
  </marc:datafield>
  <marc:datafield tag="031" ind1=" " ind2=" ">
    <marc:subfield code="a">1</marc:subfield>
    <marc:subfield code="b">2</marc:subfield>
    <marc:subfield code="c">1</marc:subfield>
    <marc:subfield code="d">Andante</marc:subfield>
    <marc:subfield code="g">G-2</marc:subfield>
    <marc:subfield code="m">vl 1</marc:subfield>
    <marc:subfield code="n">bB</marc:subfield>
    <marc:subfield code="o">2/4</marc:subfield>
    <marc:subfield code="p">6{''C'A8F}-''D/6{''C'A8F}-''D/{C6FD}{8C6FD}/{C'A8F}-{6''A3GA}/8-{6F3EF}8-{6G3FG}/</marc:subfield>
    <marc:subfield code="r">F</marc:subfield>
    <marc:subfield code="2">pe</marc:subfield>
  </marc:datafield>
  <marc:datafield tag="031" ind1=" " ind2=" ">
    <marc:subfield code="a">1</marc:subfield>
    <marc:subfield code="b">3</marc:subfield>
    <marc:subfield code="c">1</marc:subfield>
    <marc:subfield code="d">Menuetto</marc:subfield>
    <marc:subfield code="g">G-2</marc:subfield>
    <marc:subfield code="m">vl 1</marc:subfield>
    <marc:subfield code="o">3/4</marc:subfield>
    <marc:subfield code="p">4''C/C'B''C/'AB''C/xCDnC/'BG{8''ExF}/{GD}4D{8ExF}/</marc:subfield>
    <marc:subfield code="r">C</marc:subfield>
    <marc:subfield code="2">pe</marc:subfield>
  </marc:datafield>
  <marc:datafield tag="031" ind1=" " ind2=" ">
    <marc:subfield code="a">1</marc:subfield>
    <marc:subfield code="b">4</marc:subfield>
    <marc:subfield code="c">1</marc:subfield>
    <marc:subfield code="d">Presto</marc:subfield>
    <marc:subfield code="g">G-2</marc:subfield>
    <marc:subfield code="m">vl 1</marc:subfield>
    <marc:subfield code="o">2/4</marc:subfield>
    <marc:subfield code="p">{8.6CC}8{(,AB'C)}/{8.6DD}{,BG}/{'EE}8{(CDE)}/{8.6FF}{D,B}/{8.6'GG}8{(EFG)}/0000000</marc:subfield>
    <marc:subfield code="r">C</marc:subfield>
    <marc:subfield code="2">pe</marc:subfield>
  </marc:datafield>
  <marc:datafield tag="040" ind1=" " ind2=" ">
    <marc:subfield code="a">DE-633</marc:subfield>
    <marc:subfield code="b">eng</marc:subfield>
  </marc:datafield>
  <marc:datafield tag="100" ind1="1" ind2=" ">
    <marc:subfield code="a">Dittersdorf, Carl Ditters von</marc:subfield>
    <marc:subfield code="d">1739-1799</marc:subfield>
    <marc:subfield code="j">Ascertained</marc:subfield>
    <marc:subfield code="0">pe14522</marc:subfield>
  </marc:datafield>
  <marc:datafield tag="240" ind1="1" ind2="0">
    <marc:subfield code="a">Symphonies</marc:subfield>
    <marc:subfield code="m">orch, b</marc:subfield>
    <marc:subfield code="n">GraDi C7</marc:subfield>
    <marc:subfield code="n">KreD 32</marc:subfield>
    <marc:subfield code="r">C</marc:subfield>
    <marc:subfield code="0">3900027</marc:subfield>
  </marc:datafield>
  <marc:datafield tag="245" ind1="1" ind2="0">
    <marc:subfield code="a">[cover title:] Symphonia Ex C | A V: | Violino 1mo | Violino 2do | Oboe 1mo | Oboe 2do | Cornu 1mo | Cornu 2do | Alto Vola [!] | con | Basso | Del Segn Ditters</marc:subfield>
  </marc:datafield>
  <marc:datafield tag="260" ind1=" " ind2=" ">
    <marc:subfield code="c">1770-1802</marc:subfield>
    <marc:subfield code="8">01</marc:subfield>
  </marc:datafield>
  <marc:datafield tag="300" ind1=" " ind2=" ">
    <marc:subfield code="a">8 parts</marc:subfield>
    <marc:subfield code="c">34 x 21 cm</marc:subfield>
    <marc:subfield code="8">01</marc:subfield>
  </marc:datafield>
  <marc:datafield tag="500" ind1=" " ind2=" ">
    <marc:subfield code="a">Inscription "M. Mokronoska Z[akonnica] R[eguły] O[jca] S[więtego B[enedykta] K[lasztoru] S[andomierskiego]" at the bottom of the title page.</marc:subfield>
    <marc:subfield code="8">01</marc:subfield>
  </marc:datafield>
  <marc:datafield tag="590" ind1=" " ind2=" ">
    <marc:subfield code="a">vl 1, 2, vla</marc:subfield>
    <marc:subfield code="b">2, 2, 2 f.</marc:subfield>
    <marc:subfield code="8">01</marc:subfield>
  </marc:datafield>
  <marc:datafield tag="590" ind1=" " ind2=" ">
    <marc:subfield code="a">ob 1, 2</marc:subfield>
    <marc:subfield code="b">1, 1 f.</marc:subfield>
    <marc:subfield code="8">01</marc:subfield>
  </marc:datafield>
  <marc:datafield tag="590" ind1=" " ind2=" ">
    <marc:subfield code="a">cor 1, 2</marc:subfield>
    <marc:subfield code="b">1, 1 f.</marc:subfield>
    <marc:subfield code="8">01</marc:subfield>
  </marc:datafield>
  <marc:datafield tag="590" ind1=" " ind2=" ">
    <marc:subfield code="a">b (= bc)</marc:subfield>
    <marc:subfield code="b">2 f.</marc:subfield>
    <marc:subfield code="8">01</marc:subfield>
  </marc:datafield>
  <marc:datafield tag="593" ind1=" " ind2=" ">
    <marc:subfield code="a">Manuscript copy</marc:subfield>
    <marc:subfield code="8">01</marc:subfield>
  </marc:datafield>
  <marc:datafield tag="594" ind1=" " ind2=" ">
    <marc:subfield code="b">vl</marc:subfield>
    <marc:subfield code="c">2</marc:subfield>
  </marc:datafield>
  <marc:datafield tag="594" ind1=" " ind2=" ">
    <marc:subfield code="b">a-vla</marc:subfield>
    <marc:subfield code="c">1</marc:subfield>
  </marc:datafield>
  <marc:datafield tag="594" ind1=" " ind2=" ">
    <marc:subfield code="b">ob</marc:subfield>
    <marc:subfield code="c">2</marc:subfield>
  </marc:datafield>
  <marc:datafield tag="594" ind1=" " ind2=" ">
    <marc:subfield code="b">cor</marc:subfield>
    <marc:subfield code="c">2</marc:subfield>
  </marc:datafield>
  <marc:datafield tag="594" ind1=" " ind2=" ">
    <marc:subfield code="b">b</marc:subfield>
    <marc:subfield code="c">1</marc:subfield>
  </marc:datafield>
  <marc:datafield tag="594" ind1=" " ind2=" ">
    <marc:subfield code="a">vl (2), a-vla, ob (2), cor (2), b</marc:subfield>
  </marc:datafield>
  <marc:datafield tag="599" ind1=" " ind2=" ">
    <marc:subfield code="b">full</marc:subfield>
  </marc:datafield>
  <marc:datafield tag="650" ind1="0" ind2="7">
    <marc:subfield code="a">Symphonies</marc:subfield>
    <marc:subfield code="0">25215</marc:subfield>
  </marc:datafield>
  <marc:datafield tag="690" ind1=" " ind2="7">
    <marc:subfield code="a">KreD</marc:subfield>
    <marc:subfield code="n">32</marc:subfield>
    <marc:subfield code="0">lit62</marc:subfield>
  </marc:datafield>
  <marc:datafield tag="690" ind1=" " ind2="7">
    <marc:subfield code="a">GraDi</marc:subfield>
    <marc:subfield code="n">C7</marc:subfield>
    <marc:subfield code="0">lit2503</marc:subfield>
  </marc:datafield>
  <marc:datafield tag="691" ind1=" " ind2="7">
    <marc:subfield code="a">ŚwierczekK 1965</marc:subfield>
    <marc:subfield code="n">p. 274</marc:subfield>
    <marc:subfield code="0">lit1891</marc:subfield>
  </marc:datafield>
  <marc:datafield tag="700" ind1="1" ind2=" ">
    <marc:subfield code="a">Mokronowska, Marianna</marc:subfield>
    <marc:subfield code="d">1754c-1802</marc:subfield>
    <marc:subfield code="j">Ascertained</marc:subfield>
    <marc:subfield code="0">pe41011385</marc:subfield>
    <marc:subfield code="4">fmo</marc:subfield>
  </marc:datafield>
  <marc:datafield tag="710" ind1="2" ind2=" ">
    <marc:subfield code="a">Klasztor Benedyktynek w Sandomierzu</marc:subfield>
    <marc:subfield code="g">Ascertained</marc:subfield>
    <marc:subfield code="0">ks51000713</marc:subfield>
    <marc:subfield code="4">fmo</marc:subfield>
  </marc:datafield>
  <marc:datafield tag="852" ind1=" " ind2=" ">
    <marc:subfield code="a">PL-SA</marc:subfield>
    <marc:subfield code="e">Biblioteka Diecezjalna w Sandomierzu</marc:subfield>
    <marc:subfield code="x">ks30003584</marc:subfield>
    <marc:subfield code="c">1/A I 1</marc:subfield>
    <marc:subfield code="p"/>
    <marc:subfield code="q"/>
    <marc:subfield code="u"/>
    <marc:subfield code="z"/>
  </marc:datafield>
  <marc:datafield tag="980" ind1=" " ind2=" ">
    <marc:subfield code="a">RISM</marc:subfield>
    <marc:subfield code="c">examined</marc:subfield>
  </marc:datafield>
</marc:record>
